@settings{label, options="nameyear"}

@ARTICLE{Mercury,
title = "Mercury: A software package for orbital dynamics",
journal = "ASCL",
year = "2012",
url = "http://adsabs.harvard.edu/abs/2012ascl.soft01008C",
author = "John Chambers",
urldate = {29-09-2018}
}
@ARTICLE{Tunguska,
title = "Probable asteroidal origin of the Tunguska Cosmic Body",
journal = "Astronomy and Astrophysics",
year = "2001",
url = "http://www-th.bo.infn.it/tunguska/aah2886.pdf",
author = "Farinella and et al.",
urldate = {03-10-2018}
}

@ARTICLE{AdamOptimizer,
title = "Adam: A method for stochastic optimization",
journal = "ICLR",
year = "2014",
url = "https://arxiv.org/pdf/1412.6980.pdf",
author = "King, Lei Ba",
urldate = {05-10-2018}
}

@ARTICLE{BARBEE201837,
title = "Options and uncertainties in planetary defense: Mission planning and vehicle design for flexible response",
journal = "Acta Astronautica",
volume = "143",
pages = "37 - 61",
year = "2018",
issn = "0094-5765",
doi = "https://doi.org/10.1016/j.actaastro.2017.10.021",
url = "http://www.sciencedirect.com/science/article/pii/S0094576517307919",
author = "Brent W. Barbee and Megan Bruck Syal and David Dearborn and Galen Gisler and Kevin Greenaugh and Kirsten M. Howley and Ron Leung and Josh Lyzhoft and Paul L. Miller and Joseph A. Nuth and Catherine Plesko and Bernard D. Seery and Joseph Wasem and Robert P. Weaver and Melak Zebenay"
}

@ARTICLE{10.2307/26060526,
 ISSN = {00368733, 19467087},
 URL = {http://www.jstor.org/stable/26060526},
 author = {Russell L. Schweickart and et al.},
 journal = {Scientific American},
 number = {5},
 pages = {54--61},
 publisher = {Scientific American, a division of Nature America, Inc.},
 title = {The Asteroid Tugboat},
 volume = {289},
 year = {2003}
}

@ARTICLE{PORTEGIESZWART2018160,
title = "Numerical verification of the microscopic time reversibility of Newton’s equations of motion: Fighting exponential divergence",
journal = "Communications in Nonlinear Science and Numerical Simulation",
volume = "61",
pages = "160 - 166",
year = "2018",
issn = "1007-5704",
doi = "https://doi.org/10.1016/j.cnsns.2018.02.002",
url = "http://www.sciencedirect.com/science/article/pii/S1007570418300303",
author = "Simon F. {Portegies Zwart} and Tjarda C.N. Boekholt",
keywords = "Newtonian dynamics, N-body integration, Chaos"
}

@MISC{2011ascl.soft07007P,
   author = {{Portegies Zwart}, S.},
    title = "{AMUSE: Astrophysical Multipurpose Software Environment}",
 keywords = {Software},
howpublished = {Astrophysics Source Code Library},
     year = 2011,
    month = jul,
archivePrefix = "ascl",
   eprint = {1107.007},
   adsurl = {http://adsabs.harvard.edu/abs/2011ascl.soft07007P},
  adsnote = {Provided by the SAO/NASA Astrophysics Data System}
}

% Article within a journal supplement
@ARTICLE{oreg,
	author  = {Orengo, C A and Bray, J E and Hubbard, 
		   T and LoConte, L and Sillitoe, I}, 
	title   = {Analysis and assessment of ab initio 
		   three-dimensional prediction, secondary 
		   structure, and contacts prediction},
	journal = {Proteins}, 
	year    = {1999},
	volume  = {Suppl 3}, 
	pages   = {149-170}
}	

@inproceedings{lecun,
    author = {Yann Lecun and Léon Bottou and Yoshua Bengio and et al.},
    title = {Gradient-based learning applied to document recognition},
    booktitle = {Proceedings of the IEEE},
    year = {1998},
    pages = {2278--2324}
}

@book{Goodfellow,
    title={Deep Learning},
    author={Ian Goodfellow and Yoshua Bengio and Aaron Courville},
    publisher={MIT Press},
    note={http://www.deeplearningbook.org}},
    year={2016}
}




@webpage{milani2002,
  author = {Milani, Chesley, Chodas, Valsecchi},
  year={2002},
  title = {Asteroid Close Approaches: Analysis and Potential Impact Detection},
  url = {https://cneos.jpl.nasa.gov/doc/milani_impact_paper.html},
  urldate = {2018-01-10}
}

@webpage{Sentry,
  author = {NASA},
  year={2018},
  title = {Sentry: Earth Impact Monitoring},
  url = {https://cneos.jpl.nasa.gov/sentry/},
  urldate = {2018-01-10}
}

@webpage{HorizonsManual,
  author = {NASA},
  year={2018},
  title = {HORIZONS User Manual},
  url = {https://ssd.jpl.nasa.gov/?horizons_doc#ca},
  urldate = {2018-08-21}
}

@webpage{ThreatsFromSpace,
  author = {U.S. GOVERNMENT  PRINTING  OFFICE WASHINGTON},
  year={2013},
  title = {THREATS  FROM  SPACE: A  REVIEW  OF  U.S.  GOVERNMENT  EFFORTS TO  TRACK  AND  MITIGATE ASTEROIDS AND  METEORS},
  url = {https://www.gpo.gov/fdsys/pkg/CHRG-113hhrg80552/pdf/CHRG-113hhrg80552.pdf},
  urldate = {2018-08-21}
}

@webpage{Kaggle,
  title = {Kaggle: Your Home for Data Science},
  url = {https://www.kaggle.com/},
  urldate = {06-10-2018}
}

@webpage{Nielson,
title={Neural Networks and Deep Learning},
url={http://neuralnetworksanddeeplearning.com},
urldate={20-10-2018},
author={Michael Nielson},
year={2018}
}

@inproceedings{TensorFlow,
  title={Tensorflow: A system for large-scale machine learning},
  author={Abadi, Mart{\'\i}n and Barham, Paul and Chen, Jianmin and Chen, Zhifeng and Davis, Andy and Dean, Jeffrey and Devin, Matthieu and Ghemawat, Sanjay and Irving, Geoffrey and Isard, Michael and others},
  booktitle={12th $\{$USENIX$\}$ Symposium on Operating Systems Design and Implementation ($\{$OSDI$\}$ 16)},
  pages={265--283},
  year={2016}
}

@webpage{Fitzpatrick,
title={Secular Evolution of Asteroid Orbits},
url={http://farside.ph.utexas.edu/teaching/celestial/Celestialhtml/node92.html},
urldate={20-10-2018},
author={Richard Fitzpatrick},
year={2016}
}

@webpage{NasaAsteroid,
title={The Probability of Collisions with Earth},
url={https://www2.jpl.nasa.gov/sl9/back2.html},
urldate={21-10-2018},
}

@webpage{SolarSystemObjects,
title = "Known populations of solar system objects: July 2018",
year = "2018",
url = "http://www.johnstonsarchive.net/astro/sslist.html",
author = "Robert Johnston",
urldate = {29-09-2018}
}

@webpage{dastcom5,
title = "DASTCOM5: A Portable and Current Database of Asteroid and Comet Orbit Solutions",
year = "2014",
url = "http://adsabs.harvard.edu/abs/2014DPS....4641407G",
author = "Giorgini, Jon D. and Chamberlin and Alan B",
urldate = {29-09-2018}
}

@webpage{KBO_Population,
title = "DASTCOM5: A Portable and Current Database of Asteroid and Comet Orbit Solutions",
year = "2012",
url = "https://web.archive.org/web/20141113225430/,
http://pluto.jhuapl.edu/overview/piPerspective.php?page=piPerspective_08_24_2012",
author = "Alan Stern",
urldate = {29-09-2018}
}

@webpage{HConversion,
    author = {Dan Bruton},
    year={2018},
    title = {Conversion of Absolute Magnitude to Diameter for Minor Planets},
    url = "http://www.physics.sfasu.edu/astro/asteroids/sizemagnitude.html",
    urldate = {1-10-2018}
}

@webpage{Wiki_OE,
  title = {Orbital elements},
  url = {https://en.wikipedia.org/wiki/Orbital_elements},
  urldate = {2018-01-09}
}

@article{BokeholtZwart,
title = "The origin of chaos in the orbit of comet 1P/Halley",
journal = "Monthly Notices",
volume = "461",
pages = "3576-3584",
year = "2016",
doi = "10.1093/mnras/stw1504 ",
url = "https://watermark.silverchair.com/stw1504.pdf?token=AQECAHi208BE49Ooan9kkhW_Ercy7Dm3ZL_9Cf3qfKAc485ysgAAAk0wggJJBgkqhkiG9w0BBwagggI6MIICNgIBADCCAi8GCSqGSIb3DQEHATAeBglghkgBZQMEAS4wEQQMZgZTyskK8uhiCpthAgEQgIICAF4n6DcDtwkvg3DLQbkzNFs17w6WoquAidLXrbwgyr277D9zAHn5h-jIzU3JgU0xSWiSvbYeTfLtzTxTiwM_g9hLLiP-gNBabSfLfqPlrUPPSjBEhMY7-fOQp9Zz-8xd-ykeMFwUjeDF9aAHvNHDBCZPibRTybyR19lBbOvGT-aAkiTjitUICFs4LvkDOl9dbJ3hGZ14O1RlA-qa8s2k4RYHWNCd2TGiY6_OmlmREvkZPb3PXBnEmDN_zmZD2wsOkgHNN3MghiIgPxZvd_FnwVSpN1wLMPT7As1Hr3hMUW8nl5mwBbwNI8enYHyu5waPhz44ffucpP2nH5k2wjJYMykyKVzx1ah5SJSmTdsGL41VOC7T-D4qjsnhjjOGIDMk17Tn2R79dy_932IjHA22HXA9SdP8nkUPHdbO7xSSED8T9vulCu0S9w1EBXEwE4dKTTZe2WeB_USbTuKzf5I1TpKLjfP3hGAv6Z_cFRU0NeRzWUS-LfJ1dqx8gyB-g_RyzQ68SPK3eNxmQMFSK0vYqSHaRO-pe1XuOnt7cWiYrm6ZRzIaUZE2tfaQeT7_P_ay15YzZC_WOTKHXORwH3-7gd_EV4bCUYlzty5pPmNk2-UTUNy1rZmhN-QluvGbLhHEtpcnax-aFx2VTAJcW_JMFB68XLQ6HukDiFUPUs3OAsJM",
author = "Boekholt and Pelupessy and Heggie and Portegies Zwart",
}

@article{Chapman,
title={Impacts on the Earth by asteroids and comets: assessing the hazard},
author={Chapman,Morrison},
journal={Nature},
url={https://www.nature.com/articles/367033a0},
urldate={04-11-2018},
year={1994}
}

@online{NasaPHA,
author={NASA},
year={2018},
title={PHA (Potentially Hazardous Asteroid)},
url={https://cneos.jpl.nasa.gov/glossary/PHA.html},
urldate={21-10-2018},
}

@book{AmuseBook,
author={Simon Portegies Zwart, Steve McMillan},
year={2019},
title={Astrophysical Recipes: The Art of AMUSE},
url={https://www.amazon.com/Astrophysical-Recipes-Simon-Portegies-Zwart/dp/0750313218},
urldate={17-12-2019},
publisher={Iop Publishing Ltd}
}

@ARTICLE{Bostrom,
	author  = {Tedesco, E. F}, 
	title   = {Asteroid Albedos and Diameters},
	journal = {Asteroids, comets, meteors 1993: proceedings of the 160th International Astronomical Union}, 
	year    = {1994},
	volume  = {Suppl 160}, 
	pages   = {55-74},
	url={http://adsabs.harvard.edu/full/1994IAUS..160...55T}
}	

@article{ref1,
title = "Artificial Neural Network Classification of Asteroids",
journal = "American Astronomical Society",
volume = "40",
pages = "508",
year = "2008",
url = "https://pdfs.semanticscholar.org/08e0/e191b2d9a74a2ce8c09e8fc7856504b6e918.pdf",
author = "Misra1and and Bus"
}

@article{ref2,
title = "Solar-sail trajectory design for multiple near-Earth asteroid exploration
based on deep neural networks",
journal = "Aerospace Science and Technology",
volume = "40",
pages = "508",
year = "2019",
url = "https://www.researchgate.net/publication/333531713_Solar-Sail_Trajectory_Design_of_Multiple_Near_Earth_Asteroids_Exploration_Based_on_Deep_Neural_Network",
author = "Song and Gong"
}